<record><leader>00000cas a2200000 a 4500</leader><controlfield tag="001">12801122</controlfield><controlfield tag="008">851115d18991909ksusr ne      0    0eng d</controlfield><datafield ind1=" " ind2=" " tag="010"><subfield code="a">sn 85067175 </subfield></datafield><datafield ind1=" " ind2=" " tag="040"><subfield code="a">KSH</subfield><subfield code="b">eng</subfield><subfield code="c">KSH</subfield><subfield code="d">NPT</subfield><subfield code="d">OCL</subfield><subfield code="d">OCLCQ</subfield></datafield><datafield ind1=" " ind2=" " tag="042"><subfield code="a">msc</subfield></datafield><datafield ind1="0" ind2=" " tag="130"><subfield code="a">State record (Topeka, Kan. : 1899)</subfield></datafield><datafield ind1="1" ind2="4" tag="245"><subfield code="a">The state record.</subfield></datafield><datafield ind1=" " ind2=" " tag="260"><subfield code="a">Topeka, Kan. :</subfield><subfield code="b">A.H. Hoskins,</subfield><subfield code="c">1899-</subfield></datafield><datafield ind1=" " ind2=" " tag="300"><subfield code="a">v. :</subfield><subfield code="b">ill. ;</subfield><subfield code="c">60 cm.</subfield></datafield><datafield ind1=" " ind2=" " tag="310"><subfield code="a">Semimonthly,</subfield><subfield code="b">&lt;Aug. 16, 1900&gt;-</subfield></datafield><datafield ind1=" " ind2=" " tag="321"><subfield code="a">Weekly,</subfield><subfield code="b">July 20-&lt;Sept. 28, 1899&gt;</subfield></datafield><datafield ind1="0" ind2=" " tag="362"><subfield code="a">1st year, no. 1 (July 20, 1899)-</subfield></datafield><datafield ind1="1" ind2=" " tag="362"><subfield code="a">Ceased in 1909?</subfield></datafield><datafield ind1=" " ind2=" " tag="500"><subfield code="a">Published by: W.R. Eyster &amp; A.H. Hoskins, Aug. 16-30, 1900; W.H. Eyster, Sept. 27, 1900-Jan. 14, 1909.</subfield></datafield><datafield ind1=" " ind2=" " tag="500"><subfield code="a">"People's Party paper of Kansas."</subfield></datafield><datafield ind1=" " ind2=" " tag="752"><subfield code="a">United States</subfield><subfield code="b">Kansas</subfield><subfield code="c">Shawnee</subfield><subfield code="d">Topeka.</subfield></datafield><datafield ind1="1" ind2=" " tag="029"><subfield code="a">AU@</subfield><subfield code="b">000022171329</subfield></datafield></record>